@misc{2D,
title = {{2D} {Balls} {Collision}},
note = {\href{http://www.real-world-physics-problems.com/physics-of-billiards.html}{Physics Of Billiards}},
year = {2015},
}
@misc{1D,
title = {{1D} {Balls} {Collision}},
note = {\href{http://www.sparknotes.com/testprep/books/sat2/physics/chapter9section4.rhtml}{SparkNotes: SAT Physics: Collisions}},
year = {2015},
}
@misc{data,
title = {{Pool} {Table} {Constants}},
note = {\href{http://billiards.colostate.edu/threads/physics.html}{Billiards and Pool Physics FAQs}},
year = {2015},
}

@misc{gprof,
title = {{Profiling} {With} {Gprof}},
note = {\href{https://redmine.epfl.ch/projects/python_cookbook/wiki/Gprof_call-graph_visualization}{Cookbook for scientific computing}},
} 

@misc{b2ContactListener,
title = {b2ContactListener},
note = {\href{http://www.box2d.org/forum/viewtopic.php?f=3&t=7886}{Simplest way to use Contact Listener for Pong game?}},
}

@misc{Documentation,
title = {{Box} {2D} {Documentation}},
note = {\href{http://www.learn-cocos2d.com/api-ref/1.0/Box2D/html/}{Box2D API Reference}},
year = {2015},
}

@misc{iforce2D,
title = {b2ContactListener},
note = {\href{http://www.iforce2d.net/b2dtut/collision-anatomy}{Box2D C++ tutorials - Anatomy of a collision}},
}

@misc{cocos2D,
title = {{Cocos2d-x} {by} {Example:} {Beginner's} {Guide} {-} {Second Edition}},
author= {Roger Engelbert}, 
note = {\href{https://books.google.co.in/books?id=9PerBwAAQBAJ&pg=PR8&dq=cocos+2d+pool+game&hl=en&sa=X&ved=0CEAQ6AEwBmoVChMIxbDth5rRyAIVjlmOCh20dg51#v=onepage&q=cocos%202d%20pool%20game&f=false}{Chapter 8}},
year = {2015},
}

@misc{template,
title = {Web Page template for Project Website},
note = {\href{http://p.w3layouts.com/demos/spirit8/web/}{w3layouts Templates}},
}

@misc{software,
title = {Software used for recording the video},
note =  {\href{http://www.maartenbaert.be/simplescreenrecorder/}{Simple Screen Recorder}}, 
}

@misc{report,
title = {Report Generated using Latex},
note = {\href{https://www.latex-project.org/}{Latex}},
}